<record><leader>00000cas a22000007a 4500</leader><controlfield tag="001">28446174</controlfield><controlfield tag="008">930714c19939999scuwr n       0    0eng d</controlfield><datafield ind1=" " ind2=" " tag="010"><subfield code="a">sn 93067968 </subfield></datafield><datafield ind1=" " ind2=" " tag="040"><subfield code="a">SBM</subfield><subfield code="b">eng</subfield><subfield code="c">SBM</subfield><subfield code="d">SVN</subfield><subfield code="d">OCL</subfield><subfield code="d">OCLCQ</subfield><subfield code="d">OCLCF</subfield><subfield code="d">OCLCO</subfield></datafield><datafield ind1=" " ind2=" " tag="043"><subfield code="a">n-us-sc</subfield></datafield><datafield ind1="0" ind2=" " tag="130"><subfield code="a">Chronicle (Charleston, S.C. : 1993)</subfield></datafield><datafield ind1="1" ind2="4" tag="245"><subfield code="a">The chronicle.</subfield></datafield><datafield ind1="1" ind2="7" tag="246"><subfield code="a">Charleston chronicle</subfield></datafield><datafield ind1=" " ind2=" " tag="260"><subfield code="a">Charleston, S.C. :</subfield><subfield code="b">The Chronicle,</subfield><subfield code="c">1993-</subfield><subfield code="f">(Tri-State Print. Co.)</subfield></datafield><datafield ind1=" " ind2=" " tag="300"><subfield code="a">v. :</subfield><subfield code="b">ill. ;</subfield><subfield code="c">36 cm.</subfield></datafield><datafield ind1=" " ind2=" " tag="310"><subfield code="a">Weekly</subfield></datafield><datafield ind1="0" ind2=" " tag="362"><subfield code="a">Vol. 22, no. 34 (Apr. 7, 1993)-</subfield></datafield><datafield ind1=" " ind2=" " tag="500"><subfield code="a">At top of title: South Carolina's best African-American newspaper.</subfield></datafield><datafield ind1=" " ind2="0" tag="650"><subfield code="a">African Americans</subfield><subfield code="z">South Carolina</subfield><subfield code="v">Newspapers.</subfield></datafield><datafield ind1=" " ind2="4" tag="651"><subfield code="a">Charleston (S.C.)</subfield><subfield code="v">Newspapers.</subfield></datafield><datafield ind1=" " ind2="7" tag="655"><subfield code="a">Newspapers.</subfield><subfield code="2">fast</subfield><subfield code="0">(OCoLC)fst01423814</subfield></datafield><datafield ind1=" " ind2="7" tag="650"><subfield code="a">African Americans.</subfield><subfield code="2">fast</subfield><subfield code="0">(OCoLC)fst00799558</subfield></datafield><datafield ind1=" " ind2="7" tag="651"><subfield code="a">South Carolina.</subfield><subfield code="2">fast</subfield><subfield code="0">(OCoLC)fst01204600</subfield></datafield><datafield ind1=" " ind2=" " tag="752"><subfield code="a">United States</subfield><subfield code="b">South Carolina</subfield><subfield code="c">Charleston</subfield><subfield code="d">Charleston.</subfield></datafield><datafield ind1="0" ind2="0" tag="780"><subfield code="t">Charleston chronicle (Charleston, S.C. : 1971)</subfield><subfield code="w">(DLC)sn 93067867</subfield><subfield code="w">(OCoLC)18769155</subfield></datafield></record>